@ARTICLE{5570149, 
author={N. Tesla}, 
journal={Transactions of the American Institute of Electrical Engineers}, 
title={Experiments with Alternate Currents of Very High Frequency and their Application to Methods of Artificial Illumination}, 
year={1891}, 
volume={VIII}, 
number={1}, 
pages={266-319}, 
doi={10.1109/T-AIEE.1891.5570149}, 
ISSN={0096-3860}, 
month={Jan},}

@misc{pupman,
author = {Atkinson, Chip},
title = {Tesla Coil Mailing List},
date = {2016},
url = {http://www.pupman.com/},
howpublished ={\url{http://www.pupman.com/}},
note = "[Online; accessed 2016-11-17]"
}







% PCB produksjon
@misc{altium,
  title	= "Altium home page",
  author = "Altium",
  date = {2015-04-08},
  howpublished = {\url{http://www.altium.com/}},
  note = "[Online; accessed 2015-04-08]"
}

@misc{eagle,
  title	= "Cadsoft USA",
  author = "Cadsoft USA",
  date = {2015-04-08},
  howpublished = {\url{http://www.cadsoftusa.com/}},
  note = "[Online; accessed 2015-04-08]"
}

@misc{proteus,
  title	= "Labcenter electronics",
  author = "Labcenter electronics",
  date = {2015-04-08},
  howpublished = {\url{http://www.labcenter.com/index.cfm}},
  note = "[Online; accessed 2015-04-08]"
}

@misc{kicad,
  title	= "KICAD-pcb",
  author = "KICAD-pcb",
  date = {2015-04-08},
  howpublished = {\url{http://www.kicad-pcb.org/}},
  note = "[Online; accessed 2015-04-08]"
}

@misc{ultiboard,
  title	= "National instruments ultiboard",
  author = "National instruments",
  date = {2015-04-08},
  howpublished = {\url{http://www.ni.com/ultiboard/}},
  note = "[Online; accessed 2015-04-08]"
}

@misc{orcad,
  title	= "OrCAD",
  author = "OrCAD",
  date = {2015-04-08},
  howpublished = {\url{http://www.orcad.com/}},
  note = "[Online; accessed 2015-04-08]"
}

@misc{kybverkstedet,
  title	= "Teknisk personell",
  author = "NTNU",
  date = {2015-04-08},
  howpublished = {\url{http://www.ntnu.no/itk/folk/an-teknisk}},
  note = "[Online; accessed 2015-04-15]"
}

@misc{pcbprod,
  title	= "Making a PCB - PCB Manufacture step by step",
  author = "Eurocircuits",
  date = {2015},
  howpublished = {\url{http://www.eurocircuits.com/making-a-pcb-pcb-manufacture-step-by-step}},
  note = "[Online; accessed 2015-04-15]"
}